@article{KarkusHL17,
  author    = {P{\'{e}}ter Karkus and
               David Hsu and
               Wee Sun Lee},
  title     = {QMDP-Net: Deep Learning for Planning under Partial Observability},
  journal   = {CoRR},
  volume    = {abs/1703.06692},
  year      = {2017},
  url       = {http://arxiv.org/abs/1703.06692},
  archivePrefix = {arXiv},
  eprint    = {1703.06692},
  timestamp = {Mon, 13 Aug 2018 16:47:54 +0200},
  biburl    = {https://dblp.org/rec/bib/journals/corr/KarkusHL17},
  bibsource = {dblp computer science bibliography, https://dblp.org}
}

@article{DBLP:journals/corr/HausknechtS15,
  author    = {Matthew J. Hausknecht and
               Peter Stone},
  title     = {Deep Recurrent Q-Learning for Partially Observable MDPs},
  journal   = {CoRR},
  volume    = {abs/1507.06527},
  year      = {2015},
  url       = {http://arxiv.org/abs/1507.06527},
  archivePrefix = {arXiv},
  eprint    = {1507.06527},
  timestamp = {Mon, 13 Aug 2018 16:48:38 +0200},
  biburl    = {https://dblp.org/rec/bib/journals/corr/HausknechtS15},
  bibsource = {dblp computer science bibliography, https://dblp.org}
}